@manual{anleitungV302,
  author = {Unknown},
  organization = {TU Dortmund, Fakultät Physik},
  title = {Elektrische Brückenschaltungen},
  year = 2023
}