@manual{anleitungV106,
  author = {Unknown},
  organization = {TU Dortmund, Fakult√§t Physik},
  title = {V106: Gekoppelte Pendel},
  year = 2023
}