@manual{anleitungUS3,
  author ={Unknown},
  organization = {TU Dortmund, Fakult√§t Physik},
  title = {Doppler-Sonographie},
  year = 2024
}