@manual{anleitungV203,
  author= {Unknown},
  organization = {TU Dortmund, Fakultät Physik},
  title = {Verdampfungswärme und Dampfdruck-Kurve},
  year = 2023
}
@online{L_Literatur,
  author = {Unknown},
  title = {Wasser (Stoffdaten)},
  url = "https://www.chemie.de/lexikon/Wasser_%28Stoffdaten%29.html"
}
@online{R_Konstante,
  author = {Unknown},
  title = {Universelle Gaskonstante},
  url = "https://www.chemie.de/lexikon/Universelle_Gaskonstante.html"
}