@manual{anleitungV606,
  author ={Unknown},
  organization = {TU Dortmund, Fakultät Physik},
  title = {Messung der Suszwptibilität paramagnetischer Substanzen},
  year = 2024
}