@manual{anleitungV606,
  author ={Unknown},
  organization = {TU Dortmund, Fakultät Physik},
  title = {Das Geiger_Müller Zählrohr},
  year = 2024
}
@online{vorbereitung,
  author = {Internetchemie ChemLin},
  titel = {Daten und Eigenschaften des Isotops Tl-204.},
  url = "https://www.internetchemie.info/isotop.php?Kern=Tl-204"
}
