@manual{anleitungV602,
  author ={Unknown},
  organization = {TU Dortmund, Fakultät Physik},
  title = {Röntgenemission und -absorption},
  year = 2024
}
@online{Recherche,
  author = {NIST},
  title = {X-ray Transition Energies Database},
  url = "https://physics.nist.gov/PhysRefData/XrayTrans/Html/search.html"
}