@manual{anleitungV601,
  author ={Unknown},
  organization = {TU Dortmund, Fakult√§t Physik},
  title = {Der Franck-Hertz-Versuch},
  year = 2024
}