@manual{anleitungV207,
  author = {Unknown},
  organization = {TU Dortmund, Fakultät Physik},
  title = {Versuch V207: Das Kugelfall-Viskosimeter nach Höppler},
  year = 2023
}
@online{dichte,
  author = {Internetchemie.Info},
  title = {Wasser-Dichtetabelle},
  url = "https://www.internetchemie.info/chemie-lexikon/daten/w/wasser-dichtetabelle.php"
}
@online{rz,
  author = {Studyflix},
  title = {Reynoldszahl},
  url = "https://studyflix.de/ingenieurwissenschaften/reynoldszahl-1940"
}
@online{wasserVisk,
  author = {Kenneth Alambra},
  title = {Water Viscosity Calculator},
  url = "https://www.omnicalculator.com/physics/water-viscosity"
}