@manual{anleitungV407,
  author ={Unknown},
  organization = {TU Dortmund, Fakult√§t Physik},
  title = {Fresnelsche Formeln},
  year = 2024
}