@manual{anleitungV500,
  author ={Unknown},
  organization = {TU Dortmund, Fakultät Physik},
  title = {Der Photoeffekt},
  year = 2024
}
@manual{alte_anleitungV500,
  author ={Siegfried Finke},
  organization = {Fachbereich Physik Universität Dortmund},
  title = {Versuchsanleitungen zum Anfänger-Praktikum in Physik. Bd. 21},
  year = 1988
}
@online{Austrittsarbeit,
  author = {chemie.de},
  title = {Austrittsarbeit},
  url = {https://www.chemie.de/lexikon/Austrittsarbeit.html},
  urldate = {2024-06-16}
}