@manual{anleitungV701,
  author ={Unknown},
  organization = {TU Dortmund, Fakult√§t Physik},
  title = {Reichweite von Alpha-Strahlung},
  year = 2024
}
@online{Halbleiter,
  author = {Unknown},
  title = {Teilchendetektoren - Halbleiterdetektoren},
  url = {http://www.solstice.de/grundl_d_tph/exp_detek/exp_detek_09.html},
  urldate = {2024-05-04}
}
