@manual{anleitungV351,
  author ={Unknown},
  organization = {TU Dortmund, Fakult√§t Physik},
  title = {Fourier-Analyse und Synthese},
  year = 2023
}