@manual{anleitungV354,
  author ={Unknown},
  organization = {TU Dortmund, Fakultät Physik},
  title = {Gedämpfte und erzwungene Schwingung},
  year = 2023
}