@manual{anleitungV504,
  author ={Unknown},
  organization = {TU Dortmund, Fakult√§t Physik},
  title = {Thermische Elektronenemission},
  year = 2024
}