@manual{anleitungV401,
  author ={Unknown},
  organization = {TU Dortmund, Fakult√§t Physik},
  title = {Das Michelson Interferometer},
  year = 2024
}
@online{CO,
  author = {chemicalbook},
  title = {Kohlenmonoxid},
  url = {https://www.chemicalbook.com/ChemicalProductProperty_DE_CB1300110.htm},
  urldate = {2024-05-31}
}
@online{CO_2,
  author = {chemicalbook},
  title = {Kohlenstoffdioxid},
  url = {https://www.chemicalbook.com/ChemicalProductProperty_DE_CB5778186.htm},
  urldate = {2024-05-31}
}
@online{Luft,
  author = {Chemie.de},
  title = {Brechzahl},
  url = {https://www.chemie.de/lexikon/Brechzahl.html},
  urldate = {2024-05-31}
}