@manual{anleitungV401,
  author ={Unknown},
  organization = {TU Dortmund, Fakult√§t Physik},
  title = {Das Michelson Interferometer},
  year = 2024
}
@online{Brechungsindex,
  author = {Unknown},
  title = {Brechzahl},
  url = {https://www.chemie.de/lexikon/Brechzahl.html},
  urldate = {2024-05-31}
}