@manual{anleitungV401,
  author ={Unknown},
  organization = {TU Dortmund, Fakult√§t Physik},
  title = {Das Michelson Interferometer},
  year = 2024
}
@online{CO,
  author = {chemicalbook},
  title = {Harmonische Schwingung},
  url = "https://studyflix.de/ingenieurwissenschaften/harmonische-schwingung-1504"
}
@online{CO_2,
  author = {chemicalbook},
  title = {Harmonische Schwingung},
  url = "https://studyflix.de/ingenieurwissenschaften/harmonische-schwingung-1504"
}
@online{Luft,
  author = {Chemie.de},
  title = {Harmonische Schwingung},
  url = "https://studyflix.de/ingenieurwissenschaften/harmonische-schwingung-1504"
}