@manual{anleitungV207,
  author= {Unknown}
  organization = {TU Dortmund, Fakultät Physik},
  title = {Versuch V207: Das Kugelfall-Viskosimeter nach Höppler},
  year = 2023
}
@online{dichte,
  author = {Internetchemie.Info},
  title = {Wasser-Dichtetabelle},
  url = "https://www.internetchemie.info/chemie-lexikon/daten/w/wasser-dichtetabelle.php"
}
@online{studyflix
  author={Studyflix}
  title={}
  url = "https://studyflix.de/chemie/dichte-wasser-1574"
}