@manual{anleitungV101,
  author = {Unknown},
  organization = {TU Dortmund, Fakultät Physik},
  title = {Versuch V101: Das Trägheitsmoment},
  year = 2023
}