@manual{anleitungV606,
  author ={Unknown},
  organization = {TU Dortmund, Fakultät Physik},
  title = {Messung der Suszeptibilität paramagnetischer Substanzen},
  year = 2024
}
@online{Molare_Masse,
  author = {Chemicalaid},
  title = {Molar Mass Calculator},
  url = "https://www.chemicalaid.com/tools/molarmass.php"
}